<?xml version="1.0" encoding="UTF-8"?><collection xmlns="http://www.loc.gov/MARC21/slim"><record><leader>00444nam--2200181-u-4500</leader><controlfield tag="001">000055199</controlfield><controlfield tag="002">20161230</controlfield><controlfield tag="005">20161230201052</controlfield><controlfield tag="008">121123s1000------------r-----000-0-rus-d</controlfield><datafield ind1=" " ind2=" " tag="040"><subfield code="a">IFIN-HH</subfield></datafield><datafield ind1=" " ind2=" " tag="041"><subfield code="a">rus</subfield></datafield><datafield ind1=" " ind2=" " tag="080"><subfield code="a">538.911</subfield></datafield><datafield ind1="1" ind2=" " tag="100"><subfield code="a">Stepanov, A.V</subfield></datafield><datafield ind1="1" ind2="0" tag="245"><subfield code="a">Osnovi prakticeskoi procenosti kristallov</subfield><subfield code="c">A.v. stepanov</subfield></datafield><datafield ind1=" " ind2=" " tag="260"><subfield code="a">Moskva</subfield><subfield code="b">Nauka</subfield><subfield code="c">1974</subfield></datafield><datafield ind1=" " ind2=" " tag="300"><subfield code="a">130P</subfield></datafield><datafield ind1=" " ind2=" " tag="852"><subfield code="a">75049</subfield><subfield code="c">539.2</subfield></datafield><datafield ind1=" " ind2=" " tag="CAT"><subfield code="a">Sys</subfield><subfield code="c">20121123</subfield><subfield code="h">105749</subfield></datafield></record></collection>